@article{mellor2025application,
  title={An application of nowcasting methods: Cases of norovirus during the winter 2023/2024 in England},
  author={Mellor, Jonathon and Tang, Maria L and Finch, Emilie and Christie, Rachel and Polhill, Oliver and Overton, Christopher E and Hoban, Ann and Douglas, Amy and Deeny, Sarah R and Ward, Thomas},
  journal={PLOS Computational Biology},
  volume={21},
  number={2},
  pages={e1012849},
  year={2025},
  publisher={Public Library of Science San Francisco, CA USA}
}

@article{farrow2015delphi,
  title={Delphi epidata API},
  author={Farrow, David C and Brooks, Logan C and Rumack, Aaron and Tibshirani, Ryan J and Rosenfeld, Roni},
  journal={The Lancet Infectious Diseases. https://github. com/cmu-delphi/delphi-epidata},
  year={2015}
}
@misc{mass_dph_archive,
  author       = {{Massachusetts Department of Public Health}},
  title        = {Archive of COVID-19 Cases in Massachusetts},
  year         = {2021},
  howpublished = {\url{https://www.mass.gov/info-details/archive-of-covid-19-cases-in-massachusetts}},
}

@article{van2019nowcasting,
  title={Nowcasting the number of new symptomatic cases during infectious disease outbreaks using constrained P-spline smoothing},
  author={van de Kassteele, Jan and Eilers, Paul HC and Wallinga, Jacco},
  journal={Epidemiology},
  volume={30},
  number={5},
  pages={737--745},
  year={2019},
  publisher={LWW}
}

@article{gunther2021nowcasting,
  title={Nowcasting the COVID-19 pandemic in Bavaria},
  author={G{\"u}nther, Felix and Bender, Andreas and Katz, Katharina and K{\"u}chenhoff, Helmut and H{\"o}hle, Michael},
  journal={Biometrical Journal},
  volume={63},
  number={3},
  pages={490--502},
  year={2021},
  publisher={Wiley Online Library}
}
@article{hohle2014bayesian,
  title={Bayesian nowcasting during the STEC O104: H4 outbreak in Germany, 2011},
  author={H{\"o}hle, Michael and an der Heiden, Matthias},
  journal={Biometrics},
  volume={70},
  number={4},
  pages={993--1002},
  year={2014},
  publisher={Wiley Online Library}
}
@article{bastos2019modelling,
  title={A modelling approach for correcting reporting delays in disease surveillance data},
  author={Bastos, Leonardo S and Economou, Theodoros and Gomes, Marcelo FC and Villela, Daniel AM and Coelho, Flavio C and Cruz, Oswaldo G and Stoner, Oliver and Bailey, Trevor and Code{\c{c}}o, Claudia T},
  journal={Statistics in medicine},
  volume={38},
  number={22},
  pages={4363--4377},
  year={2019},
  publisher={Wiley Online Library}
}
@article{stoner2020multivariate,
  title={Multivariate hierarchical frameworks for modeling delayed reporting in count data},
  author={Stoner, Oliver and Economou, Theo},
  journal={Biometrics},
  volume={76},
  number={3},
  pages={789--798},
  year={2020},
  publisher={Oxford University Press}
}
@article{kline2022bayesian,
  title={A Bayesian spatiotemporal Nowcasting model for public health decision-making and surveillance},
  author={Kline, David and Hyder, Ayaz and Liu, Enhao and Rayo, Michael and Malloy, Samuel and Root, Elisabeth},
  journal={American Journal of Epidemiology},
  volume={191},
  number={6},
  pages={1107--1115},
  year={2022},
  publisher={Oxford University Press}
}
@article{epinowcast,
  title={epinowcast: Flexible Hierarchical Nowcasting},
  author={{Sam Abbott} and Adrian Lison and Sebastian Funk and Carl Pearson and Hugo Gruson and Felix Guenther and Michael DeWitt},
  journal={Zenodo},
  year={2021},
doi = {10.5281/zenodo.5637165}
}
@article{chakraborty2018know,
  title={What to know before forecasting the flu},
  author={Chakraborty, Prithwish and Lewis, Bryan and Eubank, Stephen and Brownstein, John S and Marathe, Madhav and Ramakrishnan, Naren},
  journal={PLoS computational biology},
  volume={14},
  number={10},
  pages={e1005964},
  year={2018},
  publisher={Public Library of Science San Francisco, CA USA}
}

@inproceedings{rodriguez2021deepcovid,
  title={Deepcovid: An operational deep learning-driven framework for explainable real-time covid-19 forecasting},
  author={Rodriguez, Alexander and Tabassum, Anika and Cui, Jiaming and Xie, Jiajia and Ho, Javen and Agarwal, Pulak and Adhikari, Bijaya and Prakash, B Aditya},
  booktitle={Proceedings of the AAAI Conference on Artificial Intelligence},
  volume={35},
  number={17},
  pages={15393--15400},
  year={2021}
}

@article{rangarajan2019forecasting,
  title={Forecasting dengue and influenza incidences using a sparse representation of Google trends, electronic health records, and time series data},
  author={Rangarajan, Prashant and Mody, Sandeep K and Marathe, Madhav},
  journal={PLoS computational biology},
  volume={15},
  number={11},
  pages={e1007518},
  year={2019},
  publisher={Public Library of Science San Francisco, CA USA}
}

@article{reich2019collaborative,
  title={A collaborative multiyear, multimodel assessment of seasonal influenza forecasting in the United States},
  author={Reich, Nicholas G and Brooks, Logan C and Fox, Spencer J and Kandula, Sasikiran and McGowan, Craig J and Moore, Evan and Osthus, Dave and Ray, Evan L and Tushar, Abhinav and Yamana, Teresa K and others},
  journal={Proceedings of the National Academy of Sciences},
  volume={116},
  number={8},
  pages={3146--3154},
  year={2019},
  publisher={National Acad Sciences}
}

@inproceedings{chakraborty2014forecasting,
  title={Forecasting a moving target: Ensemble models for ILI case count predictions},
  author={Chakraborty, Prithwish and Khadivi, Pejman and Lewis, Bryan and Mahendiran, Aravindan and Chen, Jiangzhuo and Butler, Patrick and Nsoesie, Elaine O and Mekaru, Sumiko R and Brownstein, John S and Marathe, Madhav V and others},
  booktitle={Proceedings of the 2014 SIAM international conference on data mining},
  pages={262--270},
  year={2014},
  organization={SIAM}
}

@article{brooks2018nonmechanistic,
  title={Nonmechanistic forecasts of seasonal influenza with iterative one-week-ahead distributions},
  author={Brooks, Logan C and Farrow, David C and Hyun, Sangwon and Tibshirani, Ryan J and Rosenfeld, Roni},
  journal={PLoS computational biology},
  volume={14},
  number={6},
  pages={e1006134},
  year={2018},
  publisher={Public Library of Science San Francisco, CA USA}
}

@article{kamarthi2021back2future,
  title={Back2Future: Leveraging backfill dynamics for improving real-time predictions in future},
  author={Kamarthi, Harshavardhan and Rodr{\'\i}guez, Alexander and Prakash, B Aditya},
  journal={arXiv preprint arXiv:2106.04420},
  year={2021}
}

@article{reinhart2021open,
  title={An open repository of real-time COVID-19 indicators},
  author={Reinhart, Alex and Brooks, Logan and Jahja, Maria and Rumack, Aaron and Tang, Jingjing and Agrawal, Sumit and Al Saeed, Wael and Arnold, Taylor and Basu, Amartya and Bien, Jacob and others},
  journal={Proceedings of the National Academy of Sciences},
  volume={118},
  number={51},
  pages={e2111452118},
  year={2021},
  publisher={National Acad Sciences}
}

@article{McGough2020,
  doi = {10.1371/journal.pcbi.1007735},
  url = {https://doi.org/10.1371/journal.pcbi.1007735},
  year = {2020},
  month = apr,
  publisher = {Public Library of Science ({PLoS})},
  volume = {16},
  number = {4},
  pages = {e1007735},
  author = {Sarah F. McGough and Michael A. Johansson and Marc Lipsitch and Nicolas A. Menzies},
  editor = {Bryan Lewis},
  title = {Nowcasting by Bayesian Smoothing: A flexible,  generalizable model for real-time epidemic tracking},
  journal = {{PLOS} Computational Biology}
}


@article{Rosenfeld2021,
  doi = {10.1073/pnas.2111456118},
  url = {https://doi.org/10.1073/pnas.2111456118},
  year = {2021},
  month = dec,
  publisher = {Proceedings of the National Academy of Sciences},
  volume = {118},
  number = {51},
  author = {Roni Rosenfeld and Ryan J. Tibshirani},
  title = {Epidemic tracking and forecasting: Lessons learned from a tumultuous year},
  journal = {Proceedings of the National Academy of Sciences}
}



@article{Chakraborty2018,
  doi = {10.1371/journal.pcbi.1005964},
  url = {https://doi.org/10.1371/journal.pcbi.1005964},
  year = {2018},
  month = oct,
  publisher = {Public Library of Science ({PLoS})},
  volume = {14},
  number = {10},
  pages = {e1005964},
  author = {Prithwish Chakraborty and Bryan Lewis and Stephen Eubank and John S. Brownstein and Madhav Marathe and Naren Ramakrishnan},
  editor = {Marcel Salath{\'{e}}},
  title = {What to know before forecasting the flu},
  journal = {{PLOS} Computational Biology}
}

@article{Jombart2021,
  doi = {10.1098/rstb.2020.0266},
  url = {https://doi.org/10.1098/rstb.2020.0266},
  year = {2021},
  month = may,
  publisher = {The Royal Society},
  volume = {376},
  number = {1829},
  author = {Thibaut Jombart and St{\'{e}}phane Ghozzi and Dirk Schumacher and Timothy J. Taylor and Quentin J. Leclerc and Mark Jit and Stefan Flasche and Felix Greaves and Tom Ward and Rosalind M. Eggo and Emily Nightingale and Sophie Meakin and Oliver J. Brady and Graham F. Medley and Michael H\"{o}hle and W. John Edmunds and},
  title = {Real-time monitoring of {COVID}-19 dynamics using automated trend fitting and anomaly detection},
  journal = {Philosophical Transactions of the Royal Society B: Biological Sciences}
}

@article{Koenker1978,
  doi = {10.2307/1913643},
  url = {https://doi.org/10.2307/1913643},
  year = {1978},
  month = jan,
  publisher = {{JSTOR}},
  volume = {46},
  number = {1},
  pages = {33},
  author = {Roger Koenker and Gilbert Bassett},
  title = {Regression Quantiles},
  journal = {Econometrica}
}

@article{lawless1994adjustments,
  title={Adjustments for reporting delays and the prediction of occurred but not reported events},
  author={Lawless, JF},
  journal={Canadian Journal of Statistics},
  volume={22},
  number={1},
  pages={15--31},
  year={1994},
  publisher={Wiley Online Library}
}

@article{hohle2014bayesian,
  title={Bayesian nowcasting during the STEC O104: H4 outbreak in Germany, 2011},
  author={H{\"o}hle, Michael and an der Heiden, Matthias},
  journal={Biometrics},
  volume={70},
  number={4},
  pages={993--1002},
  year={2014},
  publisher={Wiley Online Library}
}

@article{li2021bayesian,
  title={Bayesian back-calculation and nowcasting for line list data during the COVID-19 pandemic},
  author={Li, Tenglong and White, Laura F},
  journal={PLoS computational biology},
  volume={17},
  number={7},
  pages={e1009210},
  year={2021},
  publisher={Public Library of Science San Francisco, CA USA}
}

@misc{mjahja2021,
  doi = {10.48550/ARXIV.2112.06697},
  url = {https://arxiv.org/abs/2112.06697},
  author = {Jahja,  Maria and Chin,  Andrew and Tibshirani,  Ryan J.},
  keywords = {Applications (stat.AP),  FOS: Computer and information sciences,  FOS: Computer and information sciences},
  title = {Real-Time Estimation of COVID-19 Infections: Deconvolution and Sensor Fusion},
  publisher = {arXiv},
  year = {2021},
  copyright = {arXiv.org perpetual,  non-exclusive license}
}

@article{Bosse2023,
  doi = {10.1101/2023.01.23.23284722},
  url = {https://doi.org/10.1101/2023.01.23.23284722},
  year = {2023},
  month = jan,
  publisher = {Cold Spring Harbor Laboratory},
  author = {Nikos I. Bosse and Sam Abbott and Anne Cori and Edwin van Leeuwen and Johannes Bracher and Sebastian Funk},
  title = {Scoring epidemiological forecasts on transformed scales}
}

@book{Dennis1983
,	address	= {Englewood Cliffs, New Jersey 07632}
,	author	= {Dennis, J.E. and Schnabel, R.B.}
,	edition	= {1}
,	publisher	= {Prentice-Hall}
,	title	= {Numerical Methods for Unconstrained Optimization and Nonlinear Equations}
,	year	= {1983}
}

@article{Schnabel1985,
  doi = {10.1145/6187.6192},
  url = {https://doi.org/10.1145/6187.6192},
  year = {1985},
  month = dec,
  publisher = {Association for Computing Machinery ({ACM})},
  volume = {11},
  number = {4},
  pages = {419--440},
  author = {Robert B. Schnabel and John E. Koonatz and Barry E. Weiss},
  title = {A modular system of algorithms for unconstrained minimization},
  journal = {{ACM} Transactions on Mathematical Software}
}


@inproceedings{chakraborty2014forecasting,
  title={Forecasting a moving target: Ensemble models for ILI case count predictions},
  author={Chakraborty, Prithwish and Khadivi, Pejman and Lewis, Bryan and Mahendiran, Aravindan and Chen, Jiangzhuo and Butler, Patrick and Nsoesie, Elaine O and Mekaru, Sumiko R and Brownstein, John S and Marathe, Madhav V and others},
  booktitle={Proceedings of the 2014 SIAM international conference on data mining},
  pages={262--270},
  year={2014},
  organization={SIAM}
}

@article{adiga2020mathematical,
  title={Mathematical models for covid-19 pandemic: a comparative analysis},
  author={Adiga, Aniruddha and Dubhashi, Devdatt and Lewis, Bryan and Marathe, Madhav and Venkatramanan, Srinivasan and Vullikanti, Anil},
  journal={Journal of the Indian Institute of Science},
  volume={100},
  number={4},
  pages={793--807},
  year={2020},
  publisher={Springer}
}



@article{osthus2019even,
  title={Even a good influenza forecasting model can benefit from internet-based nowcasts, but those benefits are limited},
  author={Osthus, Dave and Daughton, Ashlynn R and Priedhorsky, Reid},
  journal={PLoS computational biology},
  volume={15},
  number={2},
  pages={e1006599},
  year={2019},
  publisher={Public Library of Science San Francisco, CA USA}
}


@article{croushore2011forecasting,
  author    = {Dean Croushore},
  title     = {Forecasting with Real-Time Data Vintages},
  booktitle = {The Oxford Handbook of Economic Forecasting},
  editor    = {David F. Hendry and Michael P. Clements},
  publisher = {Oxford University Press},
  year      = {2011},
  pages     = {247--267}
}

@article{croushore2006forecasting,
  author    = {Dean Croushore},
  title     = {Forecasting with Real-Time Macroeconomic Data},
  booktitle = {Handbook of Economic Forecasting},
  editor    = {Graham Elliott and Clive W. J. Granger and Allan Timmermann},
  publisher = {North-Holland},
  address   = {Amsterdam, The Netherlands},
  year      = {2006},
  pages     = {961--972}
}

@article{clements2019data,
  title={Data revisions and real-time forecasting},
  author={Clements, Michael P and Galv{\~a}o, Ana Beatriz},
  journal={Oxford Research Encyclopedia of Economics and Finance},
  year={2019},
  publisher={Oxford University Press}
}

@article{gneiting2007strictly,
  title={Strictly proper scoring rules, prediction, and estimation},
  author={Gneiting, Tilmann and Raftery, Adrian E},
  journal={Journal of the American statistical Association},
  volume={102},
  number={477},
  pages={359--378},
  year={2007},
  publisher={Taylor \& Francis}
}

@article{mcdonald2021can,
  title={Can auxiliary indicators improve COVID-19 forecasting and hotspot prediction?},
  author={McDonald, Daniel J and Bien, Jacob and Green, Alden and Hu, Addison J and DeFries, Nat and Hyun, Sangwon and Oliveira, Natalia L and Sharpnack, James and Tang, Jingjing and Tibshirani, Robert and others},
  journal={Proceedings of the National Academy of Sciences},
  volume={118},
  number={51},
  pages={e2111453118},
  year={2021},
  publisher={National Acad Sciences}
}